%YAML 1.1
%TAG !u! tag:unity3d.com,2011:
--- !u!1 &5750502522827706699
GameObject:
  m_ObjectHideFlags: 0
  m_CorrespondingSourceObject: {fileID: 0}
  m_PrefabInstance: {fileID: 0}
  m_PrefabAsset: {fileID: 0}
  serializedVersion: 6
  m_Component:
  - component: {fileID: 8244846996322596350}
  - component: {fileID: 1335413100029743468}
  - component: {fileID: 8644790547240544473}
  m_Layer: 11
  m_Name: WallDungeon 1
  m_TagString: Room
  m_Icon: {fileID: 0}
  m_NavMeshLayer: 0
  m_StaticEditorFlags: 0
  m_IsActive: 1
--- !u!4 &8244846996322596350
Transform:
  m_ObjectHideFlags: 0
  m_CorrespondingSourceObject: {fileID: 0}
  m_PrefabInstance: {fileID: 0}
  m_PrefabAsset: {fileID: 0}
  m_GameObject: {fileID: 5750502522827706699}
  m_LocalRotation: {x: 0, y: 0.7071068, z: 0, w: 0.7071068}
  m_LocalPosition: {x: -11.62, y: 0.5, z: -8.72}
  m_LocalScale: {x: 1.25, y: 1.2, z: 3}
  m_Children:
  - {fileID: 7695264702045034193}
  - {fileID: 369098297072634005}
  m_Father: {fileID: 0}
  m_RootOrder: 0
  m_LocalEulerAnglesHint: {x: 0, y: 90, z: 0}
--- !u!65 &1335413100029743468
BoxCollider:
  m_ObjectHideFlags: 0
  m_CorrespondingSourceObject: {fileID: 0}
  m_PrefabInstance: {fileID: 0}
  m_PrefabAsset: {fileID: 0}
  m_GameObject: {fileID: 5750502522827706699}
  m_Material: {fileID: 0}
  m_IsTrigger: 0
  m_Enabled: 0
  serializedVersion: 2
  m_Size: {x: 4.00017, y: 4.0351286, z: 0.38290417}
  m_Center: {x: 0.000058412552, y: 2.0075643, z: -0.005467726}
--- !u!114 &8644790547240544473
MonoBehaviour:
  m_ObjectHideFlags: 0
  m_CorrespondingSourceObject: {fileID: 0}
  m_PrefabInstance: {fileID: 0}
  m_PrefabAsset: {fileID: 0}
  m_GameObject: {fileID: 5750502522827706699}
  m_Enabled: 1
  m_EditorHideFlags: 0
  m_Script: {fileID: 11500000, guid: c59eba66004cee84ba09bf2d1b505847, type: 3}
  m_Name: 
  m_EditorClassIdentifier: 
--- !u!1001 &1681926505927606432
PrefabInstance:
  m_ObjectHideFlags: 0
  serializedVersion: 2
  m_Modification:
    m_TransformParent: {fileID: 8244846996322596350}
    m_Modifications:
    - target: {fileID: 7779381877309823848, guid: 2f6c4572e07a60b43b00e1c4f489a806,
        type: 3}
      propertyPath: m_Name
      value: Wall_27 (1)
      objectReference: {fileID: 0}
    - target: {fileID: 7779381877309823848, guid: 2f6c4572e07a60b43b00e1c4f489a806,
        type: 3}
      propertyPath: m_Layer
      value: 11
      objectReference: {fileID: 0}
    - target: {fileID: 7779381877309823848, guid: 2f6c4572e07a60b43b00e1c4f489a806,
        type: 3}
      propertyPath: m_TagString
      value: Room
      objectReference: {fileID: 0}
    - target: {fileID: 8112832757842210709, guid: 2f6c4572e07a60b43b00e1c4f489a806,
        type: 3}
      propertyPath: m_Materials.Array.data[0]
      value: 
      objectReference: {fileID: 2100000, guid: d251ff3c3062b4643a4b128754787a79, type: 2}
    - target: {fileID: 9051238300485817969, guid: 2f6c4572e07a60b43b00e1c4f489a806,
        type: 3}
      propertyPath: m_LocalPosition.x
      value: 0
      objectReference: {fileID: 0}
    - target: {fileID: 9051238300485817969, guid: 2f6c4572e07a60b43b00e1c4f489a806,
        type: 3}
      propertyPath: m_LocalPosition.y
      value: 0
      objectReference: {fileID: 0}
    - target: {fileID: 9051238300485817969, guid: 2f6c4572e07a60b43b00e1c4f489a806,
        type: 3}
      propertyPath: m_LocalPosition.z
      value: 0
      objectReference: {fileID: 0}
    - target: {fileID: 9051238300485817969, guid: 2f6c4572e07a60b43b00e1c4f489a806,
        type: 3}
      propertyPath: m_LocalRotation.x
      value: -0
      objectReference: {fileID: 0}
    - target: {fileID: 9051238300485817969, guid: 2f6c4572e07a60b43b00e1c4f489a806,
        type: 3}
      propertyPath: m_LocalRotation.y
      value: 1
      objectReference: {fileID: 0}
    - target: {fileID: 9051238300485817969, guid: 2f6c4572e07a60b43b00e1c4f489a806,
        type: 3}
      propertyPath: m_LocalRotation.z
      value: -0
      objectReference: {fileID: 0}
    - target: {fileID: 9051238300485817969, guid: 2f6c4572e07a60b43b00e1c4f489a806,
        type: 3}
      propertyPath: m_LocalRotation.w
      value: 0
      objectReference: {fileID: 0}
    - target: {fileID: 9051238300485817969, guid: 2f6c4572e07a60b43b00e1c4f489a806,
        type: 3}
      propertyPath: m_RootOrder
      value: 0
      objectReference: {fileID: 0}
    - target: {fileID: 9051238300485817969, guid: 2f6c4572e07a60b43b00e1c4f489a806,
        type: 3}
      propertyPath: m_LocalEulerAnglesHint.x
      value: 0
      objectReference: {fileID: 0}
    - target: {fileID: 9051238300485817969, guid: 2f6c4572e07a60b43b00e1c4f489a806,
        type: 3}
      propertyPath: m_LocalEulerAnglesHint.y
      value: 180
      objectReference: {fileID: 0}
    - target: {fileID: 9051238300485817969, guid: 2f6c4572e07a60b43b00e1c4f489a806,
        type: 3}
      propertyPath: m_LocalEulerAnglesHint.z
      value: 0
      objectReference: {fileID: 0}
    m_RemovedComponents:
    - {fileID: 1755183774755843626, guid: 2f6c4572e07a60b43b00e1c4f489a806, type: 3}
  m_SourcePrefab: {fileID: 100100000, guid: 2f6c4572e07a60b43b00e1c4f489a806, type: 3}
--- !u!4 &7695264702045034193 stripped
Transform:
  m_CorrespondingSourceObject: {fileID: 9051238300485817969, guid: 2f6c4572e07a60b43b00e1c4f489a806,
    type: 3}
  m_PrefabInstance: {fileID: 1681926505927606432}
  m_PrefabAsset: {fileID: 0}
--- !u!1001 &8683847957292343012
PrefabInstance:
  m_ObjectHideFlags: 0
  serializedVersion: 2
  m_Modification:
    m_TransformParent: {fileID: 8244846996322596350}
    m_Modifications:
    - target: {fileID: 7779381877309823848, guid: 2f6c4572e07a60b43b00e1c4f489a806,
        type: 3}
      propertyPath: m_Name
      value: Wall_27
      objectReference: {fileID: 0}
    - target: {fileID: 7779381877309823848, guid: 2f6c4572e07a60b43b00e1c4f489a806,
        type: 3}
      propertyPath: m_Layer
      value: 11
      objectReference: {fileID: 0}
    - target: {fileID: 7779381877309823848, guid: 2f6c4572e07a60b43b00e1c4f489a806,
        type: 3}
      propertyPath: m_TagString
      value: Room
      objectReference: {fileID: 0}
    - target: {fileID: 8112832757842210709, guid: 2f6c4572e07a60b43b00e1c4f489a806,
        type: 3}
      propertyPath: m_Materials.Array.data[0]
      value: 
      objectReference: {fileID: 2100000, guid: d251ff3c3062b4643a4b128754787a79, type: 2}
    - target: {fileID: 9051238300485817969, guid: 2f6c4572e07a60b43b00e1c4f489a806,
        type: 3}
      propertyPath: m_LocalPosition.x
      value: 0
      objectReference: {fileID: 0}
    - target: {fileID: 9051238300485817969, guid: 2f6c4572e07a60b43b00e1c4f489a806,
        type: 3}
      propertyPath: m_LocalPosition.y
      value: 0
      objectReference: {fileID: 0}
    - target: {fileID: 9051238300485817969, guid: 2f6c4572e07a60b43b00e1c4f489a806,
        type: 3}
      propertyPath: m_LocalPosition.z
      value: 0
      objectReference: {fileID: 0}
    - target: {fileID: 9051238300485817969, guid: 2f6c4572e07a60b43b00e1c4f489a806,
        type: 3}
      propertyPath: m_LocalRotation.x
      value: -0
      objectReference: {fileID: 0}
    - target: {fileID: 9051238300485817969, guid: 2f6c4572e07a60b43b00e1c4f489a806,
        type: 3}
      propertyPath: m_LocalRotation.y
      value: -0
      objectReference: {fileID: 0}
    - target: {fileID: 9051238300485817969, guid: 2f6c4572e07a60b43b00e1c4f489a806,
        type: 3}
      propertyPath: m_LocalRotation.z
      value: -0
      objectReference: {fileID: 0}
    - target: {fileID: 9051238300485817969, guid: 2f6c4572e07a60b43b00e1c4f489a806,
        type: 3}
      propertyPath: m_LocalRotation.w
      value: 1
      objectReference: {fileID: 0}
    - target: {fileID: 9051238300485817969, guid: 2f6c4572e07a60b43b00e1c4f489a806,
        type: 3}
      propertyPath: m_RootOrder
      value: 1
      objectReference: {fileID: 0}
    - target: {fileID: 9051238300485817969, guid: 2f6c4572e07a60b43b00e1c4f489a806,
        type: 3}
      propertyPath: m_LocalEulerAnglesHint.x
      value: 0
      objectReference: {fileID: 0}
    - target: {fileID: 9051238300485817969, guid: 2f6c4572e07a60b43b00e1c4f489a806,
        type: 3}
      propertyPath: m_LocalEulerAnglesHint.y
      value: 0
      objectReference: {fileID: 0}
    - target: {fileID: 9051238300485817969, guid: 2f6c4572e07a60b43b00e1c4f489a806,
        type: 3}
      propertyPath: m_LocalEulerAnglesHint.z
      value: 0
      objectReference: {fileID: 0}
    m_RemovedComponents:
    - {fileID: 1755183774755843626, guid: 2f6c4572e07a60b43b00e1c4f489a806, type: 3}
  m_SourcePrefab: {fileID: 100100000, guid: 2f6c4572e07a60b43b00e1c4f489a806, type: 3}
--- !u!4 &369098297072634005 stripped
Transform:
  m_CorrespondingSourceObject: {fileID: 9051238300485817969, guid: 2f6c4572e07a60b43b00e1c4f489a806,
    type: 3}
  m_PrefabInstance: {fileID: 8683847957292343012}
  m_PrefabAsset: {fileID: 0}
